@Misc{lejosTimer,
  title={{Timer (leJOS NXJ API documentation)}},
  note={seen 14/12/2016},
  howpublished={\url{http://www.lejos.org/nxt/nxj/api/java/util/Timer.html}}
}

@Misc{phabricator,
	title={{Phacility - Phabricator}},
	note={seen 09/03/2017},
	howpublished={\url{https://phacility.com/phabricator/}}
}


